<?xml version="1.0" encoding="UTF-8"?>
<record xmlns="http://www.loc.gov/MARC21/slim" xmlns:xsi="http://www.w3.org/2001/XMLSchema-instance" xsi:schemaLocation="http://www.loc.gov/MARC21/slim http://www.loc.gov/standards/marcxml/schema/MARC21slim.xsd">
<leader>00000cam a22      a 4500</leader>
<controlfield tag="001">001677533</controlfield>
<controlfield tag="003">NNU</controlfield>
<controlfield tag="005">20151012173851.0</controlfield>
<controlfield tag="008">890301s1955    ua f          010 0barard</controlfield>
<datafield tag="035" ind1=" " ind2=" ">
<subfield code="a">(OCoLC)23518514</subfield>
</datafield>
<datafield tag="040" ind1=" " ind2=" ">
<subfield code="a">EYM</subfield>
<subfield code="b">eng</subfield>
<subfield code="c">EYM</subfield>
<subfield code="d">IXA</subfield>
<subfield code="d">OCLCG</subfield>
<subfield code="d">OCLCQ</subfield>
<subfield code="d">OCLCF</subfield>
<subfield code="d">OCLCQ</subfield>
</datafield>
<datafield tag="050" ind1=" " ind2="4">
<subfield code="a">PJ7810</subfield>
<subfield code="b">.A6 1955</subfield>
</datafield>
<datafield tag="245" ind1="0" ind2="0">
<subfield code="6">880-01</subfield>
<subfield code="a">Aḥmad Amīn /</subfield>
<subfield code="c">bi-qalamihi wa-qalam aṣdiqāʼihi.</subfield>
</datafield>
<datafield tag="260" ind1=" " ind2=" ">
<subfield code="6">880-02</subfield>
<subfield code="a">al-Qāhirah :</subfield>
<subfield code="b">Maṭbaʻat Lajnat al-Taʼlīf wa-al-Tarjumah wa-al-Nashr,</subfield>
<subfield code="c">1955.</subfield>
</datafield>
<datafield tag="300" ind1=" " ind2=" ">
<subfield code="a">112 pages, [5] leaves of plates ;</subfield>
<subfield code="c">24 cm</subfield>
</datafield>
<datafield tag="336" ind1=" " ind2=" ">
<subfield code="a">text</subfield>
<subfield code="b">txt</subfield>
<subfield code="2">rdacontent</subfield>
</datafield>
<datafield tag="337" ind1=" " ind2=" ">
<subfield code="a">unmediated</subfield>
<subfield code="b">n</subfield>
<subfield code="2">rdamedia</subfield>
</datafield>
<datafield tag="338" ind1=" " ind2=" ">
<subfield code="a">volume</subfield>
<subfield code="b">nc</subfield>
<subfield code="2">rdacarrier</subfield>
</datafield>
<datafield tag="500" ind1=" " ind2=" ">
<subfield code="a">"Bi-munāsabat al-dhikrī al-awwalī li-wafātihi, 30 Māyū 1955."</subfield>
</datafield>
<datafield tag="600" ind1="1" ind2="0">
<subfield code="6">880-03</subfield>
<subfield code="a">Amīn, Aḥmad,</subfield>
<subfield code="d">1886-1954.</subfield>
</datafield>
<datafield tag="600" ind1="1" ind2="7">
<subfield code="a">Amīn, Aḥmad,</subfield>
<subfield code="d">1886-1954</subfield>
<subfield code="2">fast</subfield>
<subfield code="0">(OCoLC)fst00018362</subfield>
</datafield>
<datafield tag="700" ind1="1" ind2=" ">
<subfield code="6">880-04</subfield>
<subfield code="a">Amīn, Aḥmad,</subfield>
<subfield code="d">1886-1954.</subfield>
</datafield>
<datafield tag="776" ind1="0" ind2="8">
<subfield code="i">Online version:</subfield>
<subfield code="t">Aḥmad Amīn.</subfield>
<subfield code="d">al-Qāhirah : Maṭbaʻat Lajnat al-Taʼlīf wa-al-Tarjumah wa-al-Nashr, 1955</subfield>
<subfield code="w">(OCoLC)586061243</subfield>
</datafield>
<datafield tag="776" ind1="0" ind2="8">
<subfield code="i">Online version:</subfield>
<subfield code="t">Aḥmad Amīn.</subfield>
<subfield code="d">al-Qāhirah : Maṭbaʻat Lajnat al-Taʼlīf wa-al-Tarjumah wa-al-Nashr, 1955</subfield>
<subfield code="w">(OCoLC)593032771</subfield>
</datafield>
<datafield tag="880" ind1="0" ind2="0">
<subfield code="6">245-01/</subfield>
<subfield code="a">احمد امين /</subfield>
<subfield code="c">بقلمه وقلم اصدقائه.</subfield>
</datafield>
<datafield tag="880" ind1=" " ind2=" ">
<subfield code="6">260-02/</subfield>
<subfield code="a">القاهرة :</subfield>
<subfield code="b">مطبعة لجنة التأليف والترجمة والنشر،</subfield>
<subfield code="c">1955.</subfield>
</datafield>
<datafield tag="880" ind1="1" ind2="4">
<subfield code="6">600-03/</subfield>
<subfield code="a">امين، احمد،</subfield>
<subfield code="d">1886-1954.</subfield>
</datafield>
<datafield tag="880" ind1="1" ind2=" ">
<subfield code="6">700-04/</subfield>
<subfield code="a">امين، احمد،</subfield>
<subfield code="d">1886-1954.</subfield>
</datafield>
<datafield tag="OWN" ind1=" " ind2=" ">
<subfield code="a">GENERAL</subfield>
</datafield>
<datafield tag="AVA" ind1=" " ind2=" ">
<subfield code="a">NYU50</subfield>
<subfield code="b">BOBST</subfield>
<subfield code="c">Main Collection</subfield>
<subfield code="d">CT2718.A5 A6</subfield>
<subfield code="e">unavailable</subfield>
<subfield code="t">Unavailable</subfield>
<subfield code="f">1</subfield>
<subfield code="g">1</subfield>
<subfield code="h">N</subfield>
<subfield code="i">0</subfield>
<subfield code="j">MAIN</subfield>
<subfield code="k">0</subfield>
</datafield>
</record>
